<?xml version="1.0" encoding="UTF-8"?><collection xmlns="http://www.loc.gov/MARC21/slim"><record><leader>00423nam--2200133-i-4500</leader><controlfield tag="001">000045673</controlfield><controlfield tag="002">20161230</controlfield><controlfield tag="005">20161230201045</controlfield><controlfield tag="008">060222s1000------------r-----000-0-eng-d</controlfield><datafield ind1=" " ind2=" " tag="080"><subfield code="a">65.011</subfield></datafield><datafield ind1=" " ind2=" " tag="100"><subfield code="a">Twiss, Brian C</subfield></datafield><datafield ind1=" " ind2=" " tag="245"><subfield code="a">Inovarea tehnologica. creativitate. conducere. organizare. trad.din l.engleza, dupa ed.din 1974. prefata: prof.dr.ing.stefan birlea</subfield></datafield><datafield ind1=" " ind2=" " tag="260"><subfield code="a">Bucuresti, Ed.Tehnica, 1979, 324p</subfield></datafield><datafield ind1=" " ind2=" " tag="852"><subfield code="a">46200</subfield></datafield></record></collection>